@book{BIO09,
  author="Campbell and Reece and Taylor and Simon and Dickey",
  title=" BIOLOGY - Concepts and Connections",
  publisher="Pearson International Edition, 6. Auflage",
  year="2009"
}

